\setlength{\parskip}{1em}

@misc{robotics1,
	title = "DARPA robotic challenge",
	howpublished = {\url{https://www.darpa.mil/program/darpa-robotics-challenge}}
}

@misc{robotics2,
	title = "ZeroC Documentation",
	howpublished = {\url{http://wiki.ros.org/}}
}

@misc{robotics3,
	title = "ROS Wiki",
	howpublished = {\url{https://doc.zeroc.com/}}
}

@misc{robotics5,
	title = "{Simulaci\'on en Gazebo}",
	howpublished = {\url{https://robologs.net/2016/06/25/gazebo-simulator-simular-un-robot-nunca-fue-tan-facil/}}
}

@misc{robotics6,
	title = "{Definici\'on de Robot}",
	howpublished = {\url{http://conceptodefinicion.de/robot/}}
}

@misc{robotics7,
	title = "{Robot Web Tools Libraries and Widgets}",
	howpublished = {\url{http://robotwebtools.org/tools.html}}
}

@misc{web1,
	title = "{Documentaci\'on Node.js}",
	howpublished = {\url{https://nodejs.org/es/docs/}}
}
	
@misc{web2,
	title = "{Documentaci\'on Electron}",
	howpublished = {\url{https://electronjs.org/docs}}
}
@misc{web3,
	title = "{WebGL Wiki}",
	howpublished = {\url{https://www.khronos.org/webgl/wiki/Main_Page}}
}
@misc{web4,
	title = "{Three.js Manual}",
	howpublished = {\url{https://threejs.org/docs/}}
}	
@misc{web5,
	title = "{Getting Started WebRTC}",
	howpublished = {\url{https://webrtc.org/start/}}
}

@misc{web6,
	title = "{W3Schools Online Web Tutorials}",
	howpublished = {\url{https://www.w3schools.com/}}
}

@misc{tfg1,
  author = "Aitor Mart\'inez",
	title = "{Tecnolog\'ias web en la plataforma JdeRobot}",
	year = "2015"
}

@misc{tfg2,
  author = "Pablo Moreno",
	title = "{Nuevas pr\'acticas docentes en el entorno Robotics-Academy}",
	year = "2019"
}

@misc{desarrollo1,
  author = "Galo Fari'no R.",
	title = "{Modelo Espiral de un proyecto de desarrollo de software, Administraci\'on y Evaluaci\'on de Proyectos.}",
	howpublished = {\url{http://www.ojovisual.net/galofarino/modeloespiral.pdf}}
}

@misc{desarrollo2,
	title = "{Modelo de desarrollo en Espiral}",
	howpublished = {\url{https://pdfs.semanticscholar.org/presentation/2403/7678f5cfd0d23d1a7d59b9b9ff2babc31d99.pdf}}
}

@misc{simulacion1,
	title = "{Simulador Gazebo}",
	howpublished = {\url{https://dev.px4.io/en/simulation/gazebo.html}}
}

@misc{opencv1,
	title = "{Descripci\'on de OpenCV}",
	howpublished = {\url{https://opencv.org/about.html}}
}

@misc{drone1,
	title="{PX4 Developer Guide}",
	howpublished = {\url{https://dev.px4.io/en/}}
}	
@misc{drone2,
	title="{Teleoperation with MAVROS}",
	howpublished = {\url{http://docs.erlerobotics.com/simulation/vehicles/erle_copter/tutorial_4}}
}